@misc{zahari_kassabov_2019_2571601,
  author       = {Zahari Kassabov},
  title        = {{Reportengine: A framework for declarative data 
                   analysis}},
  month        = feb,
  year         = 2019,
  publisher    = {Zenodo},
  version      = {v0.27},
  doi          = {10.5281/zenodo.2571601},
  url          = {https://doi.org/10.5281/zenodo.2571601}
}
