% This file was created with JabRef 2.7b.
% Encoding: UTF-8

@BOOK{Peskin,
  title = {{An Introduction to Quantum Field Theory}},
  publisher = {Addison-Wesley},
  year = {1995},
  author = {Peskin, M. E. and Schroeder, D. V.},
  address = {Reading},
  added-at = {2010-10-02T18:22:22.000+0200},
  biburl = {http://www.bibsonomy.org/bibtex/2ca0d6721090a47d3dd90247b20d76fc8/brouder},
  interhash = {e839db5bd06e66a35503aa936e299a0d},
  intrahash = {ca0d6721090a47d3dd90247b20d76fc8},
  keywords = {imported},
  x-fetchedfrom = {Bibsonomy}
}

@article{Weinzierl,
      author         = "Weinzierl, Stefan",
      title          = "{Fast evolution of parton distributions}",
      journal        = "Comput.Phys.Commun.",
      volume         = "148",
      pages          = "314-326",
      doi            = "10.1016/S0010-4655(02)00584-2",
      year           = "2002",
      eprint         = "hep-ph/0203112",
      archivePrefix  = "arXiv",
      primaryClass   = "hep-ph",
      reportNumber   = "UPRF-2002-03",
}